@INPROCEEDINGS{NogueiraEtAl2021,
  author          = {Rafael Acc{\'a}cio Nogueira and Romain Bourdais and
                  Herv{\'e} Gu{\'e}guen},
  title           = {Detection and Mitigation of Corrupted Information in
                  Distributed Model Predictive Control Based on Resource
                  Allocation},
  booktitle       = {2021 5th Conference on Control and Fault-Tolerant Systems
                  (SysTol)},
  year            = 2021,
  pages           = {329-334},
  doi             = {10.1109/SysTol52990.2021.9595927},
  url             = {https://doi.org/10.1109/SysTol52990.2021.9595927},
}
